<?xml version="1.0" encoding="UTF-8"?>
<record>
  <leader>01306nmm#a2200325#cb4500</leader>
  <controlfield tag="005">20230217190800.0</controlfield>
  <controlfield tag="007">cr#|||||||||||</controlfield>
  <controlfield tag="008">200309|2020####xx######o##|########fre#c</controlfield>
  <controlfield tag="003">DE-605</controlfield>
  <controlfield tag="001">990365842280206441</controlfield>
  <datafield tag="016" ind1="7" ind2=" ">
    <subfield code="a">78acc736-fr</subfield>
    <subfield code="2">XX-XxUND</subfield>
  </datafield>
  <datafield tag="035" ind1=" " ind2=" ">
    <subfield code="a">(DE-605)HT020391499</subfield>
  </datafield>
  <datafield tag="040" ind1=" " ind2=" ">
    <subfield code="a">OECD</subfield>
    <subfield code="b">ger</subfield>
    <subfield code="c">OECD</subfield>
    <subfield code="e">rakwb</subfield>
    <subfield code="d">DE-605</subfield>
  </datafield>
  <datafield tag="041" ind1=" " ind2=" ">
    <subfield code="a">fre</subfield>
  </datafield>
  <datafield tag="245" ind1="0" ind2="0">
    <subfield code="a">L’importance de l’Objectif de développement durable relatif à l’éducation (ODD 4) pour les pays de l’OCDE</subfield>
    <subfield code="h">Elektronische Ressource</subfield>
    <subfield code="c">Organisation de coopération et de développement économiques</subfield>
  </datafield>
  <datafield tag="264" ind1=" " ind2="1">
    <subfield code="a">Paris</subfield>
    <subfield code="b">OECD Publishing</subfield>
    <subfield code="c">2020</subfield>
  </datafield>
  <datafield tag="300" ind1=" " ind2=" ">
    <subfield code="a">7 p.</subfield>
  </datafield>
  <datafield tag="340" ind1=" " ind2=" ">
    <subfield code="a">Online-Ressource</subfield>
    <subfield code="9">F:652a</subfield>
  </datafield>
  <datafield tag="490" ind1="0" ind2=" ">
    <subfield code="a">Les indicateurs de l'éducation à la loupe</subfield>
    <subfield code="v">no.67</subfield>
    <subfield code="x">22267093</subfield>
  </datafield>
  <datafield tag="035" ind1=" " ind2=" ">
    <subfield code="a">(hbzERes_OECD)(FR-PaOEC)78acc736-fr</subfield>
  </datafield>
  <datafield tag="035" ind1=" " ind2=" ">
    <subfield code="a">(DE-599)HBZHT020391499</subfield>
  </datafield>
  <datafield tag="962" ind1=" " ind2=" ">
    <subfield code="e">ZDB-13-SOC</subfield>
    <subfield code="e">ZDB-13-SOC-article</subfield>
  </datafield>
  <datafield tag="964" ind1="0" ind2="s">
    <subfield code="F">051</subfield>
    <subfield code="A">s|||||||</subfield>
  </datafield>
  <datafield tag="964" ind1="0" ind2="i">
    <subfield code="I">marc-FMT via MAB2MARC</subfield>
    <subfield code="F">FMT</subfield>
    <subfield code="A">CF</subfield>
  </datafield>
  <datafield tag="964" ind1="0" ind2="s">
    <subfield code="F">030</subfield>
    <subfield code="A">a|1uc||||||37</subfield>
  </datafield>
  <datafield tag="964" ind1="0" ind2="s">
    <subfield code="F">050</subfield>
    <subfield code="A">||||||||g|||||</subfield>
  </datafield>
  <datafield tag="912" ind1=" " ind2=" ">
    <subfield code="a">ZDB-13-SOC</subfield>
  </datafield>
  <datafield tag="912" ind1=" " ind2=" ">
    <subfield code="a">ZDB-13-SOC-article</subfield>
  </datafield>
  <datafield tag="856" ind1="4" ind2=" ">
    <subfield code="u">https://doi.org/10.1787/78acc736-fr</subfield>
    <subfield code="x">Resolving-System</subfield>
  </datafield>
  <datafield tag="710" ind1="2" ind2=" ">
    <subfield code="a">Organisation de coopération et de développement économiques</subfield>
    <subfield code="4">oth</subfield>
  </datafield>
  <datafield tag="775" ind1="0" ind2="8">
    <subfield code="i">Parallelausgabe</subfield>
    <subfield code="t">Why does the Sustainable Development Goal on Education (SDG 4) matter for OECD countries?</subfield>
  </datafield>
  <datafield tag="MBD" ind1=" " ind2=" ">
    <subfield code="M">49HBZ_NETWORK</subfield>
    <subfield code="i">990365842280206441</subfield>
    <subfield code="n">HBZ Network</subfield>
  </datafield>
  <datafield tag="MBD" ind1=" " ind2=" ">
    <subfield code="M">49HBZ_UBT</subfield>
    <subfield code="i">990025573850106470</subfield>
    <subfield code="n">UB Trier</subfield>
  </datafield>
  <datafield tag="MNG" ind1=" " ind2=" ">
    <subfield code="c">System</subfield>
    <subfield code="f">HBZ</subfield>
    <subfield code="i">marc21</subfield>
    <subfield code="h">20230217190800.0</subfield>
    <subfield code="k">01</subfield>
    <subfield code="e">false</subfield>
    <subfield code="d">2023-02-17 19:46:52 Europe/Berlin</subfield>
    <subfield code="g">036584228-HBZ01</subfield>
    <subfield code="j">60</subfield>
    <subfield code="a">import</subfield>
    <subfield code="b">2021-04-05 10:51:56 Europe/Berlin</subfield>
  </datafield>
  <datafield tag="POR" ind1=" " ind2=" ">
    <subfield code="j">OECD iLibrary</subfield>
    <subfield code="x">System</subfield>
    <subfield code="a">53706734800006441</subfield>
    <subfield code="M">49HBZ_NETWORK</subfield>
    <subfield code="p">61738769640006441</subfield>
    <subfield code="q">OECD ilibrary article 2020 (ZDB-13-article)</subfield>
    <subfield code="c">static</subfield>
    <subfield code="B">Produktsigel: ZDB-13-article
NZ Phase 1 - Wave 1: NZ-P2E
E-Book-Verfahren: oecd?</subfield>
    <subfield code="A">49HBZ_ULB</subfield>
    <subfield code="A">49HBZ_WHS</subfield>
    <subfield code="A">49HBZ_FHM</subfield>
    <subfield code="A">49HBZ_ULM</subfield>
    <subfield code="A">49HBZ_BIE</subfield>
    <subfield code="A">49HBZ_HSD</subfield>
    <subfield code="A">49HBZ_FUH</subfield>
    <subfield code="A">49HBZ_BRS</subfield>
    <subfield code="A">49HBZ_FDO</subfield>
    <subfield code="A">49HBZ_UBO</subfield>
    <subfield code="A">49HBZ_KHO</subfield>
    <subfield code="A">49HBZ_DUE</subfield>
    <subfield code="y">2021-04-16 08:58:32 Europe/Berlin</subfield>
    <subfield code="w">2021-04-06 10:54:03 Europe/Berlin</subfield>
    <subfield code="D">https://eu04.alma.exlibrisgroup.com/view/uresolver/49HBZ_NETWORK/openurl?u.ignore_date_coverage=true&amp;portfolio_pid=53706734800006441&amp;Force_direct=true</subfield>
    <subfield code="v">P2E_JOB</subfield>
    <subfield code="z">2021-04-06 08:54:03</subfield>
    <subfield code="i">false</subfield>
    <subfield code="S">62738769630006441</subfield>
    <subfield code="d">https://hbz-network.userservices.exlibrisgroup.com/view/uresolver/49HBZ_NETWORK/openurl?u.ignore_date_coverage=true&amp;rft.mms_id=990365842280206441</subfield>
    <subfield code="b">Available</subfield>
    <subfield code="f">DOCUMENT</subfield>
    <subfield code="e">https://doi.org/10.1787/78acc736-fr</subfield>
    <subfield code="8">53706734800006441</subfield>
  </datafield>
  <datafield tag="POR" ind1=" " ind2=" ">
    <subfield code="x">System</subfield>
    <subfield code="a">53312504210006470</subfield>
    <subfield code="M">49HBZ_UBT</subfield>
    <subfield code="c">static</subfield>
    <subfield code="y">2023-08-14 16:57:55 Europe/Berlin</subfield>
    <subfield code="w">2023-08-14 16:57:45 Europe/Berlin</subfield>
    <subfield code="D">https://eu04.alma.exlibrisgroup.com/view/uresolver/49HBZ_NETWORK/openurl?u.ignore_date_coverage=true&amp;portfolio_pid=53312504210006470&amp;Force_direct=true</subfield>
    <subfield code="v">P2E_JOB</subfield>
    <subfield code="z">2023-08-14 14:57:45</subfield>
    <subfield code="i">false</subfield>
    <subfield code="S">52312504220006470</subfield>
    <subfield code="d">https://hbz-network.userservices.exlibrisgroup.com/view/uresolver/49HBZ_NETWORK/openurl?u.ignore_date_coverage=true&amp;rft.mms_id=990025573850106470</subfield>
    <subfield code="b">Available</subfield>
    <subfield code="f">DOCUMENT</subfield>
    <subfield code="e">https://doi.org/10.1787/78acc736-fr</subfield>
    <subfield code="8">53312504210006470</subfield>
  </datafield>
</record>
